<record><leader>00000cas a22000007a 4500</leader><controlfield tag="001">9352425</controlfield><controlfield tag="008">830328d19081909ksudr ne      0    0eng d</controlfield><controlfield tag="009">3789</controlfield><datafield ind1=" " ind2=" " tag="010"><subfield code="a">sn 83040013 </subfield></datafield><datafield ind1=" " ind2=" " tag="040"><subfield code="a">KSH</subfield><subfield code="b">eng</subfield><subfield code="c">KSH</subfield><subfield code="d">NPT</subfield></datafield><datafield ind1="1" ind2=" " tag="029"><subfield code="a">AU@</subfield><subfield code="b">000025788185</subfield></datafield><datafield ind1=" " ind2=" " tag="042"><subfield code="a">msc</subfield></datafield><datafield ind1=" " ind2=" " tag="043"><subfield code="a">n-us-ks</subfield></datafield><datafield ind1="0" ind2="4" tag="245"><subfield code="a">The Humboldt daily news.</subfield></datafield><datafield ind1=" " ind2=" " tag="260"><subfield code="a">Humboldt, Kan. :</subfield><subfield code="b">S.A.D. Cox,</subfield><subfield code="c">1908-1909.</subfield></datafield><datafield ind1=" " ind2=" " tag="300"><subfield code="a">1 v. ;</subfield><subfield code="c">38 cm.</subfield></datafield><datafield ind1=" " ind2=" " tag="310"><subfield code="a">Daily</subfield></datafield><datafield ind1="0" ind2=" " tag="362"><subfield code="a">Vol. 1, no. 1 (Dec. 24, 1908)-v. 1, no. 124 (May 16, 1909).</subfield></datafield><datafield ind1="1" ind2=" " tag="700"><subfield code="a">Cox, S. A. D.</subfield></datafield><datafield ind1=" " ind2=" " tag="752"><subfield code="a">United States</subfield><subfield code="b">Kansas</subfield><subfield code="c">Allen</subfield><subfield code="d">Humboldt.</subfield></datafield><datafield ind1="0" ind2="7" tag="785"><subfield code="t">Allen County herald</subfield><subfield code="w">(DLC)sn 83040011</subfield></datafield><datafield ind1="0" ind2="7" tag="785"><subfield code="t">Humboldt daily herald</subfield><subfield code="w">(DLC)sn 83040012</subfield></datafield></record>